@inproceedings{ZW,
	title={Non-parametric local transforms for computing visual correspondence},
	author={Zabih, Ramin and Woodfill, John},
	booktitle={Computer Visionâ€”ECCV'94: Third European Conference on Computer Vision Stockholm, Sweden, May 2--6 1994 Proceedings, Volume II 3},
	pages={151--158},
	year={1994},
	organization={Springer}
}

@inproceedings{whycensus2013,
	title={Why is the census transform good for robust optic flow computation?},
	author={Hafner, David and Demetz, Oliver and Weickert, Joachim},
	booktitle={Scale Space and Variational Methods in Computer Vision: 4th International Conference, SSVM 2013, Schloss Seggau, Leibnitz, Austria, June 2-6, 2013. Proceedings 4},
	pages={210--221},
	year={2013},
	organization={Springer}
}

@article{rankfilters1985,
	title={Properties, implementations and applications of rank filters},
	author={Hodgson, Robert M and Bailey, Donald G and Naylor, MJ and Ng, ALM and McNeill, SJ},
	journal={Image and Vision Computing},
	volume={3},
	number={1},
	pages={3--14},
	year={1985},
	publisher={Elsevier}
}

% this paper introduces a similar idea to our ``gap'' for the census transform
@inproceedings{stein2004efficient,
	title={Efficient computation of optical flow using the census transform},
	author={Stein, Fridtjof},
	booktitle={DAGM-symposium},
	volume={2004},
	pages={79--86},
	year={2004},
	organization={Springer}
}
